<record xmlns="http://www.loc.gov/MARC21/slim" xmlns:xsi="http://www.w3.org/2001/XMLSchema-instance" xsi:schemaLocation="http://www.loc.gov/MARC21/slim http://www.loc.gov/standards/marcxml/schema/MARC21slim.xsd"><leader>02040cz   2200337n  4500</leader><controlfield tag="001">oca00376732 </controlfield><controlfield tag="005">20021209170234.0</controlfield><controlfield tag="008">800226n| acannaab           |a aaa      </controlfield><datafield ind1=" " ind2=" " tag="010"><subfield code="a">n  79145591 </subfield></datafield><datafield ind1=" " ind2=" " tag="040"><subfield code="a">DLC</subfield><subfield code="c">DLC</subfield><subfield code="d">DLC</subfield></datafield><datafield ind1="0" ind2=" " tag="100"><subfield code="a">Athanasius,</subfield><subfield code="c">Saint, Patriarch of Alexandria,</subfield><subfield code="d">d. 373</subfield></datafield><datafield ind1="0" ind2=" " tag="400"><subfield code="a">Atanasio,</subfield><subfield code="c">Saint, Patriarch of Alexandria,</subfield><subfield code="d">d. 373</subfield></datafield><datafield ind1="0" ind2=" " tag="400"><subfield code="a">Athanase,</subfield><subfield code="c">Saint, Patriarch of Alexandria,</subfield><subfield code="d">d. 373</subfield></datafield><datafield ind1="0" ind2=" " tag="400"><subfield code="a">AfÌ&#x87;anasiÌ&#x84;iÌ&#x86; VelikiÌ&#x84;iÌ&#x86;,</subfield><subfield code="c">Saint, arkhiÌ&#x84;episkop aleksandriÌ&#x84;iÌ&#x86;skiÌ&#x84;iÌ&#x86;,</subfield><subfield code="d">d. 373</subfield></datafield><datafield ind1="0" ind2=" " tag="400"><subfield code="a">AfÌ&#x87;anasiÌ&#x84;iÌ&#x86; VelikiÌ&#x84;iÌ&#x86;,</subfield><subfield code="c">Saint, Archbishop of Alexandria,</subfield><subfield code="d">d. 373</subfield></datafield><datafield ind1="0" ind2=" " tag="400"><subfield code="a">AfanasiiÌ&#x86;,</subfield><subfield code="c">Saint, episkop aleksandriiÌ&#x86;skiiÌ&#x86;,</subfield><subfield code="d">d. 373</subfield></datafield><datafield ind1="0" ind2=" " tag="400"><subfield code="a">AfanasiiÌ&#x86;,</subfield><subfield code="c">Saint, Bishop pf Alexandria,</subfield><subfield code="d">d. 373</subfield></datafield><datafield ind1="0" ind2=" " tag="400"><subfield code="a">Athanasios,</subfield><subfield code="c">Saint, Patriarch of Alexandria,</subfield><subfield code="d">d. 373</subfield></datafield><datafield ind1="0" ind2=" " tag="400"><subfield code="a">AthanaÌ&#x84;siyuÌ&#x84;s,</subfield><subfield code="c">Saint, Patriarch of Alexandria,</subfield><subfield code="d">d. 373</subfield></datafield><datafield ind1="0" ind2=" " tag="400"><subfield code="a">Athanasius,</subfield><subfield code="c">the Great, Saint,</subfield><subfield code="d">d. 373</subfield></datafield><datafield ind1="0" ind2=" " tag="400"><subfield code="a">Athanasius,</subfield><subfield code="c">of Alexandria, Saint,</subfield><subfield code="d">d. 373</subfield></datafield><datafield ind1="0" ind2=" " tag="400"><subfield code="a">Atanazy,</subfield><subfield code="c">Saint, Patriarch of Alexandria,</subfield><subfield code="d">d. 373</subfield></datafield><datafield ind1="0" ind2=" " tag="400"><subfield code="a">Atanazy Wielki,</subfield><subfield code="c">Saint,</subfield><subfield code="d">d. 373</subfield></datafield><datafield ind1="0" ind2=" " tag="400"><subfield code="a">Athanasius,</subfield><subfield code="c">von Alexandrien, Saint,</subfield><subfield code="d">d. 373</subfield></datafield><datafield ind1="0" ind2=" " tag="500"><subfield code="a">Pseudo-Athanasius</subfield></datafield><datafield ind1=" " ind2=" " tag="670"><subfield code="a">MattaÌ&#x81;. al-QiddiÌ&#x84;s AthanaÌ&#x84;siyuÌ&#x84;s al-rasuÌ&#x84;liÌ&#x84;, 1981:</subfield><subfield code="b">t.p. (al-QiddiÌ&#x84;s AthanaÌ&#x84;siyuÌ&#x84;s, 296-373)</subfield></datafield><datafield ind1=" " ind2=" " tag="670"><subfield code="a">Twomey, V. Apostolikos thronos, c1982 (subj.)</subfield><subfield code="b">t.p. (Saint Athanasius the Great) p. vii (St. Athanasius of Alexandria)</subfield></datafield><datafield ind1=" " ind2=" " tag="670"><subfield code="a">His Apologie, 1979:</subfield><subfield code="b">t.p. (SÌ&#x81;w. Atanazy) p. 7 (Atanazy Wielki)</subfield></datafield><datafield ind1=" " ind2=" " tag="670"><subfield code="a">Tvoreniiï¸&#160;aï¸¡ v chetyrekh tomakh, 1994- :</subfield><subfield code="b">v. 2, t.p. (Sviï¸&#160;aï¸¡titÊ¹ AfanasiiÌ&#x86; VelikiiÌ&#x86;) on added t.p. (AfÌ&#x87;anasiÌ&#x84;iï¸&#160;aï¸¡ Velikago, arkhiÌ&#x84;episkopa AleksandriÌ&#x84;iÌ&#x86;skago) colophon (svt. Afanasiiï¸&#160;aï¸¡, episkopa AleksandriiÌ&#x86;skogo; church statesman of the 4th cent.)</subfield></datafield><datafield ind1=" " ind2=" " tag="670"><subfield code="a">De sententia Dionysii, 1999:</subfield><subfield code="b">t.p. (Athanasius von Alexandrien)</subfield></datafield><datafield ind1=" " ind2=" " tag="670"><subfield code="a">Pseudo-Athanasius on virginity, 2002:</subfield><subfield code="b">t.p. (Pseudo-Athanasius) p. vi (attribution to Athanasius of Alexandria is certainly spurious)</subfield></datafield></record>